% 01-Introduction
@ARTICLE{Geer:1998PhRvD..57.6989G,
       author = {{Geer}, S.},
        title = "{Neutrino beams from muon storage rings: Characteristics and physics potential}",
      journal = {Physical Review D},
     keywords = {14.60.Pq, 07.77.Ka, 13.15.+g, 13.35.Bv, Neutrino mass and mixing, Charged-particle beam sources and detectors, Neutrino interactions, Decays of muons, High Energy Physics - Phenomenology},
         year = "1998",
        month = "Jun",
       volume = {57},
       number = {11},
        pages = {6989-6997},
          doi = {10.1103/PhysRevD.57.6989},
archivePrefix = {arXiv},
       eprint = {hep-ph/9712290},
 primaryClass = {hep-ph},
       adsurl = {https://ui.adsabs.harvard.edu/abs/1998PhRvD..57.6989G},
      adsnote = {Provided by the SAO/NASA Astrophysics Data System}
}

@article{Neuffer:1983jr,
      author         = "Neuffer, David",
      title          = "{Principles and Applications of Muon Cooling}",
      booktitle      = "{Proceedings: LAMPF II Workshop, 3rd, Los Alamos, N.Mex.,
                        Jul 18-28, 1983}",
      journal        = "Part. Accel.",
      volume         = "14",
      year           = "1983",
      pages          = "75-90",
      doi            = "10.2172/1156195",
      reportNumber   = "FERMILAB-FN-0378",
      SLACcitation   = "%%CITATION = PLACB,14,75;%%"
}

@article{Bogomilov:2019kfj,
      author         = "Bogomilov, M. and others",
      title          = "{Demonstration of cooling by the Muon Ionization Cooling
                        Experiment}",
      collaboration  = "MICE",
      journal        = "Nature",
      volume         = "578",
      year           = "2020",
      pages          = "53-59",
      doi            = "10.1038/s41586-020-1958-9",
      eprint         = "1907.08562",
      archivePrefix  = "arXiv",
      primaryClass   = "physics.acc-ph",
      reportNumber   = "RAL-P-2019-003",
      SLACcitation   = "%%CITATION = ARXIV:1907.08562;%%"
}
%%%%%%%%%%%%%%%%%%%%%%%%%%%%%%%%%%%%%%%%%%%%%%%%%%%%
% 02-TOF

@article{NOTE145,
    author  = {{Bonesini}, M.},
    title   = "{The design of MICE TOF0 detector}",
    journal = {MICE Note 145},
    url     = "{http://mice.iit.edu/micenotes/public/pdf/MICE0145/MICE0145.pdf}",
    year = 2006
}

@article{NOTE241,
    author={{Bertoni}, R. and others},
    title = "{The construction and laboratory tests for MICE TOF0/1 detectors}",
    journal = {MICE Note 241},
    url    = "{http://mice.iit.edu/mice
    notes/public/pdf/MICE0241/MICE0241.pdf}",
    year = 2008
}

@ARTICLE{2010NIMPA.615...14B,
    author = {{Bertoni}, R. and others},
    title = "{The design and commissioning of the MICE upstream time-of-flight system}",
    journal = {Nuclear Instruments and Methods in Physics Research A},
    archivePrefix = "arXiv",
    eprint = {1001.4426},
    primaryClass = "physics.ins-det",
     year = 2010,
    month = mar,
    volume = 615,
    pages = {14-26},
    doi = {10.1016/j.nima.2009.12.065},
    adsurl = {http://adsabs.harvard.edu/abs/2010NIMPA.615...14B},
    adsnote = {Provided by the SAO/NASA Astrophysics Data System}
}    

@article{NOTE286,
    author  = {{Bertoni}, R. and others},
    title   = "{The construction of the  MICE TOF2 detector}",
    journal = {MICE Note 286},
    url     = "{http://mice.iit.edu/micenotes/public/pdf/MICE0286/MICE0286.pdf}",
    year    = 2010
}

@ARTICLE{Rajaram:2015bra, 
      author         = "Rajaram, D. and Palladino, V. C.",
      title          = "{The Status of MICE Step IV}",
      booktitle      = "{Proceedings, 6th International Particle Accelerator
                        Conference (IPAC 2015): Richmond, Virginia, USA, May 3-8,
                        2015}",
      year           = "2015",
      url            = "http://accelconf.web.cern.ch/AccelConf/IPAC2015/papers/thpf122.pdf",
      pages          = "THPF122",
      reportNumber   = "IPAC-2015-THPF122",
      SLACcitation   = "%%CITATION = IPAC-2015-THPF122;%%"
}

@ARTICLE{2015ehep.confE.521B,
   author = {{Bonesini}, M.},
    title = "{Progress of the MICE experiment}",
booktitle = {European Physical Society Conference on High Energy Physics (EPS-HEP2015)},
     year = 2015,
archivePrefix = "arXiv",
   eprint = {1510.08825},
 primaryClass = "physics.acc-ph",
      eid = {521},
    pages = {521},
   adsurl = {http://adsabs.harvard.edu/abs/2015ehep.confE.521B},
  adsnote = {Provided by the SAO/NASA Astrophysics Data System}
}

@ARTICLE{2013arXiv1306.1509T,
   author = {{The MICE Collaboration}},
    title = "{Characterisation of the muon beams for the Muon Ionisation Cooling Experiment}",
  journal = {ArXiv e-prints},
archivePrefix = "arXiv",
   eprint = {1306.1509},
 primaryClass = "physics.acc-ph",
 keywords = {Physics - Accelerator Physics},
     year = 2013,
    month = jun,
   adsurl = {http://adsabs.harvard.edu/abs/2013arXiv1306.1509T},
  adsnote = {Provided by the SAO/NASA Astrophysics Data System}
}

@ARTICLE{2016JInst..11P3001A,
   author = {{Adams}, D. and others},
    title = "{Pion contamination in the MICE muon beam}",
  journal = {Journal of Instrumentation},
archivePrefix = "arXiv",
   eprint = {1511.00556},
 primaryClass = "physics.ins-det",
     year = 2016,
    month = mar,
   volume = 11,
    pages = {P03001},
      doi = {10.1088/1748-0221/11/03/P03001},
   adsurl = {http://adsabs.harvard.edu/abs/2016JInst..11P3001A},
  adsnote = {Provided by the SAO/NASA Astrophysics Data System}
}

@ARTICLE{NOTE251,
   author = {{Karadzhov}, Y. and others},
    title = "{TOF detectors Time Calibration}",
  journal = {MICE Note 251},
    url    = "{http://mice.iit.edu/micenotes/public/pdf/MICE0251/MICE0251.pdf}",
     year = 2009,
}

@PHDTHESIS{Rayner:2011zz,
      author         = "Rayner, Mark Alastair",
      title          = "{The development of a novel technique for characterizing
                        the MICE muon beam and demonstrating its suitability for a
                        muon cooling measurement}",
      school         = "Oxford U.",
      year           = "2011",
      url            = "http://lss.fnal.gov/archive/other/thesis/rayner-m.pdf"
}
%      reportNumber   = "MAP-DOC-4324",
%      SLACcitation   = "%%CITATION = MAP-DOC-4324;%%"

@article{Bogomilov:2012sr,
      author         = "Bogomilov, M. and others",
      title          = "{The MICE Muon Beam on ISIS and the beam-line
                        instrumentation of the Muon Ionization Cooling
                        Experiment}",
      collaboration  = "MICE",
      journal        = "JINST",
      volume         = "7",
      year           = "2012",
      pages          = "P05009",
      doi            = "10.1088/1748-0221/7/05/P05009",
      eprint         = "1203.4089",
      archivePrefix  = "arXiv",
      primaryClass   = "physics.acc-ph",
      reportNumber   = "FERMILAB-PUB-12-886-APC",
      SLACcitation   = "%%CITATION = ARXIV:1203.4089;%%"
}

%%%%%%%%%%%%%%%%%%%%%%%%%%%%%%%%%%%%%%%%%%%%%%%%%%%%

% 04-KL

@article{Ambrosino:2009zza,
    author = "Ambrosino, F. and others",
    editor = "Buzulutskov, A.",
    title = "{Calibration and performances of the KLOE calorimeter}",
    doi = "10.1016/j.nima.2008.08.097",
    journal = "Nucl. Instrum. Meth. A",
    volume = "598",
    pages = "239--243",
    year = "2009"
}

%%%%%%%%%%%%%%%%%%%%%%%%%%%%%%%%%%%%%%%%%%%%%%%%%%%%


% 04-Instrumentation

@article{NOTE367,
author  = {{Dobbs}, A. and others},
title   = "{The MICE Luminosity Monitor}",
journal = "{MICE Note 367}",
url     = "{http://mice.iit.edu/micenotes/public/pdf/MICE0367/MICE0367.pdf}",
year    = "2012"
}

@ARTICLE{2012JInst...7.5009B,
   author = {{Bogomilov}, M. and others},
    title = "{The MICE Muon Beam on ISIS and the beam-line instrumentation of the Muon Ionization Cooling Experiment}",
  journal = {Journal of Instrumentation},
archivePrefix = "arXiv",
   eprint = {1203.4089},
 primaryClass = "physics.acc-ph",
     year = 2012,
    month = may,
   volume = 7,
    pages = {5009},
      doi = {10.1088/1748-0221/7/05/P05009},
   adsurl = {http://adsabs.harvard.edu/abs/2012JInst...7.5009B},
  adsnote = {Provided by the SAO/NASA Astrophysics Data System}
}
  


@article{NOTE473,
author  = {{Cremaldi}, L. and others},
title   = "{Progress on Cherenkov Reconstruction in MICE}",
journal = "{MICE Note 473}",
url     = "{http://mice.iit.edu/micenotes/public/pdf/MICE0473/MICE0473.pdf}",
year    = "2015"
}

@ARTICLE{ELLIS2011136,
title = "The design, construction and performance of the MICE scintillating fibre trackers",
journal = "Nuclear Instruments and Methods in Physics Research Section A: Accelerators, Spectrometers, Detectors and Associated Equipment",
volume = "659",
number = "1",
pages = "136 - 153",
year = "2011",
issn = "0168-9002",
doi = "https://doi.org/10.1016/j.nima.2011.04.041",
url = "http://www.sciencedirect.com/science/article/pii/S0168900211008126",
author = {{Ellis}, M. and others},
keywords = "Muon detector, Scintillating fibre, Tracker, Ionisation cooling"
}


@article{NOTE451,
author  = {{Dobbs}, A. and others},
title   = "{The Reconstruction Software for the MICE Scintillating Fibre Trackers}",
journal = "{MICE Note 451}",
url     = "{http://mice.iit.edu/micenotes/public/pdf/MICE0451/MICE0451.pdf}",
year    = "2014"
}

%%%%%%%%%%%%%%%%%%%%%%%%%%%%%%%%%%%%%%%%%%%%%%%%%%%%%%%%%%%%%%%%%%%%5
% 05-EMR

@ARTICLE{2016JInst..11T10007,
   author = {{Asfandiyarov}, R. and others},
    title = "{The design and construction of the MICE Electron-Muon Ranger}",
  journal = {Journal of Instrumentation},
archivePrefix = "arXiv",
   eprint = {1607.04955},
 primaryClass = "physics.ins-det",
     year = 2016,
    month = oct,
   volume = 11,
      eid = {T10007},
    pages = {T10007},
      doi = {10.1088/1748-0221/11/10/T10007},
   adsurl = {http://adsabs.harvard.edu/abs/2016JInst..11T10007},
  adsnote = {Provided by the SAO/NASA Astrophysics Data System}
}

@MASTERSTHESIS{Drielsma:2017doj,
   author = {Drielsma, Francois},
    title = "{Electron-Muon Ranger: hardware characterization}",
     year = {2014},
   eprint = {1710.06946},
 archivePrefix = "arXiv",
 primaryClass = "physics.ins-det",
   school = {University of Geneva},
   url    = {https://arxiv.org/abs/1710.06946}
}

@PHDTHESIS{Drielsma:thesis,
  author       = {Drielsma, Francois}, 
  title        = {Measurement of the Increase in Phase Space Density
		  of a Muon Beam through Ionization Cooling},
  school       = {University of Geneva},
  year         = 2018,
  month        = 10,
}

@ARTICLE{2015JInst..10P2012A,
   author = {{Adams}, D. and others},
    title = "{Electron-muon ranger: performance in the MICE muon beam}",
  journal = {Journal of Instrumentation},
archivePrefix = "arXiv",
   eprint = {1510.08306},
 primaryClass = "physics.ins-det",
     year = 2015,
    month = dec,
   volume = 10,
      eid = {P12012},
    pages = {P12012},
      doi = {10.1088/1748-0221/10/12/P12012},
   adsurl = {http://adsabs.harvard.edu/abs/2015JInst..10P2012A},
  adsnote = {Provided by the SAO/NASA Astrophysics Data System}
}

@ARTICLE{2018arXiv1805.06623T,
   author = {Drielsma, Francois},
    title = "{Beam-based detector alignment in the MICE muon beam line}",
     year = {2018},
archivePrefix = "arXiv",
   eprint = {1805.06623},
primaryClass = "physics.ins-det",
      url = {https://arxiv.org/abs/1805.06623}
}


% TOF box-shaped soft iron shieldings 
%ARTICLE{d0,
%   author = {{Stephens}, R. and others},
%  journal = {D0 collaboration internal note}
%}

@ARTICLE{2012NIMPA.693..130B,
   author = {{Bonesini}, M. and {Bertoni}, R. and {de Bari}, A. and {Rossella}, M.
	},
    title = "{Behaviour in magnetic fields of fast conventional and fine-mesh photomultipliers}",
  journal = {Nuclear Instruments and Methods in Physics Research A},
archivePrefix = "arXiv",
   eprint = {1207.4909},
 primaryClass = "physics.ins-det",
     year = 2012,
    month = nov,
   volume = 693,
    pages = {130-137},
      doi = {10.1016/j.nima.2012.07.039},
   adsurl = {http://adsabs.harvard.edu/abs/2012NIMPA.693..130B},
  adsnote = {Provided by the SAO/NASA Astrophysics Data System}
}

@article{NOTE455,
    author={{Bonesini}, M. and others},
    title = "{The TOF1 local shielding}",
    journal = {MICE Note 455},
    url    = "{http://mice.iit.edu/micenotes/public/pdf/MICE0455/MICE0455.pdf}",
    year = 2015
}

%%%%%%%%%%%%%%%%%%%%%%%%%%%%%%%%%%%%%%%%%%%%%%%%%%%%%%%%%%%%%%%%%%%%5
% 06-Tracker

@article{Ellis:2010bb,
      author         = "Ellis, M. and others",
      title          = "{The Design, construction and performance of the MICE
                        scintillating fibre trackers}",
      journal        = "Nucl. Instrum. Meth.",
      volume         = "A659",
      year           = "2011",
      pages          = "136-153",
      doi            = "10.1016/j.nima.2011.04.041",
      eprint         = "1005.3491",
}

@article{Abazov:2005pn,
      author         = "Abazov, V. M. and others",
      title          = "{The Upgraded D0 detector}",
      collaboration  = "D0",
      journal        = "Nucl. Instrum. Meth.",
      volume         = "A565",
      year           = "2006",
      pages          = "463-537",
      doi            = "10.1016/j.nima.2006.05.248",
      eprint         = "physics/0507191",
}


%%%%%%%%%%%%%%%%%%%%%%%%%%%%%%%%%%%%%%%%%%%%%%%%%%%%%%%%%%%%%%%%%%%%5
% 07-PID

@ARTICLE{proton_absorber, 
      author         = "{Blot, S. and others}",
      title          = "{Proton contamination studies in the MICE muon beam line}",
      booktitle      = "{Proceedings, 2nd International Particle Accelerator Conference (IPAC 2011): Kursaal, San Sebastian, Spain, September 4-9, 2011}",
      year           = "2011",
      url            = "accelconf.web.cern.ch/accelconf/ipac2011/papers/mopz034.pdf",
      pages          = "MOPZ034",
}

%%%%%%%%%%%%%%%%%%%%%%%%%%%%%%%%%%%%%%%%%%%%%%%%%%%%%%%%%%%%%%%%%%%%5
% 11-Absorber

%article{PhysRevD.98.030001,
%  title = Review of Particle Physics},
%  author = {Tanabashi, M. and others},
%  collaboration = {Particle Data Group},
%  journal = {Phys. Rev. D},
%  volume = {98},
%  issue = {3},
%  pages = {030001},
%  numpages = {1898},
%  year = {2018},
%  month = {Aug},
%  publisher = {American Physical Society},
%  doi = {10.1103/PhysRevD.98.030001},
%  url = {https://link.aps.org/doi/10.1103/PhysRevD.98.030001}
%}

@article{1748-0221-13-09-T09008,
  author={Bayliss, V. and others},
  title={The liquid-hydrogen absorber for MICE},
  journal={Journal of Instrumentation},
  volume={13},
  number={09},
  pages={T09008},
  url={http://stacks.iop.org/1748-0221/13/i=09/a=T09008},
  year={2018},
}

@ARTICLE{CernoxRTDs,
  title = "{Cernox RTDs [Accessed 2 Oct. 2018]}",
  url    = "{https://www.lakeshore.com/Documents/LSTC_Cernox_l.pdf}",
  year = 2018,
}

@ARTICLE{TemperatureMeasurement,
  title = "{Temperature Measurement and Control Catalog [Accessed 2 Oct. 2018]}",
  url    = "{https://www.lakeshore.com/Documents/LakeShoreTC_l.pdf}",
  year = 2018,
}

@article{NOTE524,
    author  = {{Brown}, C. and others},
    title   = "{Systematic Uncertainties in the lH2 absorber}",
    journal = {MICE Note 524},
    url     = "{http://mice.iit.edu/micenotes/public/pdf/MICE0524/MICE0524.pdf}",
    year    = 2018
}

@ARTICLE{Hardin,
  author  = {{Hardin}, G.},
  title = "{Aluminum 6061-T6 (UNS AA96061) [Accessed 3 Oct. 2018]}",
  url    = "{https://www.nist.gov/mml/acmd/aluminum-6061-t6-uns-aa96061}",
  year = 2018,
}

@article{Ishimoto,
      author         = {{Ishimoto}, S. and others},
      title          = "{Liquid Hydrogen Absorber for MICE}",
      booktitle      = "{Proceedings, 1st International Particle Accelerator
                        Conference (IPAC'10): Kyoto, Japan, May 23-28, 2010}",
      journal        = "Conf. Proc.",
      volume         = "C100523",
      year           = "2010",
      pages          = "421-423"
}

@article{NOTE155,
    author  = {{Green}, M. and others},
    title   = "{Does One Know the Properties of a MICE Solid or Liquid Absorber to
Better than 0.3 Percent?}",
    journal = {MICE Note 155},
    url     = "{http://mice.iit.edu/micenotes/public/pdf/MICE0155/MICE0155.pdf}",
    year    = 2006
}

@ARTICLE{AtomicAluminium,
  title = "{Atomic and nuclear properties of aluminum}",
  url   = "{http://pdg.lbl.gov/2017/AtomicNuclearProperties/HTML/aluminum_Al.html}",
  year  = 2018
}

@ARTICLE{AtomicHydrogen,
  title = "{Atomic and nuclear properties of liquid hydrogen}",
  url   = "{http://pdg.lbl.gov/2017/AtomicNuclearProperties/HTML/liquid_hydrogen.html}",
  year  = 2018
}

@ARTICLE{MuonAluminium,
  title = "{Muon in aluminum}",
  url   = "{http://pdg.lbl.gov/2017/AtomicNuclearProperties/MUE/muE_aluminum_Al.pdf}",
  year  = 2018
}

@ARTICLE{MuonliquidHydrogen,
  title  = "{Muons in liquid hydrogen}",
  url    = "{http://pdg.lbl.gov/2017/AtomicNuclearProperties/MUE/muE_liquid_hydrogen.pdf}",
  year = 2018
}

%======================= end =============================
